@book{procsharp7,
    author 		= "Troelsen, A. and Japikse, P.",
    title     	= "Pro C\# 7: With .NET and .NET Core",
    edition		= "8th",
    year      	= "2017",
    publisher 	= "Apress"
}

@techreport{isoStandard,
	type		= {Standard},
	number		= {ISO/IEC 23271:2012},
	title		= {{Information technology -- Common Language Infrastructure (CLI)}},
	institution	= {The International Organization for Standardization},
	year		= "2012",
	edition		= "3rd",
	note		= {[Online] Available: \url{https://www.iso.org/standard/58046.html}.}
}

@techreport{ecmaStandard,
	type		= {Standard},
	number		= {ECMA-335},
	title		= {{Common Language Infrastructure (CLI)}},
	institution	= {ECMA International},
	year		= "2012",
	edition		= "6th",
	note		= {[Online] Available: \url{https://www.ecma-international.org/publications/standards/Ecma-335.htm}.}
}
	
@phdthesis{zychlaThesis,
	author		= "Zychla, W.",
	school		= "Institute of Computer Science, University of Wrocław",
	title		= {{exTensible Multi Security: Security Framework for .NET}},
	year		= 2008
}

@book{wierzbicki,
	author		= "Wierzbicki, T.",
	title		= {{Języki programowania}},
	year		= 2001
}